<?xml version="1.0" encoding="UTF-8"?><collection xmlns="http://www.loc.gov/MARC21/slim"><record><leader>00658nam--2200181-i-4500</leader><controlfield tag="001">000049555</controlfield><controlfield tag="002">20161230</controlfield><controlfield tag="005">20161230201047</controlfield><controlfield tag="008">060222s1000------------r-----000-0-eng-d</controlfield><datafield ind1=" " ind2=" " tag="040"><subfield code="a">IFIN-HH</subfield></datafield><datafield ind1=" " ind2=" " tag="080"><subfield code="a">519.2:52:53:57:061.3</subfield></datafield><datafield ind1="1" ind2=" " tag="100"><subfield code="a">Neyman,Jerzy</subfield></datafield><datafield ind1="1" ind2="0" tag="245"><subfield code="a">Probability theory</subfield><subfield code="b">Proceedings of the fourth berkeley symposium on mathematical statistics and probability university of california june 20-july 30, 1960</subfield><subfield code="c">Jerzy neyman (ed.)</subfield></datafield><datafield ind1=" " ind2=" " tag="260"><subfield code="a">Berkeley</subfield><subfield code="b">University Of California Press</subfield><subfield code="c">1961</subfield></datafield><datafield ind1=" " ind2=" " tag="300"><subfield code="a">XII+633P</subfield></datafield><datafield ind1=" " ind2=" " tag="490"><subfield code="a">Proceedings Of The Fourth Berkeley Symposium</subfield><subfield code="v">Volume Ii</subfield></datafield><datafield ind1=" " ind2=" " tag="852"><subfield code="a">12765</subfield><subfield code="c">519.24</subfield></datafield><datafield ind1=" " ind2=" " tag="CAT"><subfield code="a">Sys</subfield><subfield code="c">20130801</subfield><subfield code="h">175322</subfield></datafield></record></collection>